<?xml version="1.0" encoding="UTF-8"?><collection xmlns="http://www.loc.gov/MARC21/slim"><record><leader>00515nam--2200193-i-4500</leader><controlfield tag="001">000020849</controlfield><controlfield tag="002">20161230</controlfield><controlfield tag="005">20161230201033</controlfield><controlfield tag="008">060222s1000------------r-----000-0-rum-d</controlfield><datafield ind1=" " ind2=" " tag="040"><subfield code="a">IFIN-HH</subfield></datafield><datafield ind1=" " ind2=" " tag="041"><subfield code="a">rum</subfield></datafield><datafield ind1=" " ind2=" " tag="080"><subfield code="a">539.1</subfield></datafield><datafield ind1="1" ind2=" " tag="100"><subfield code="a">Semenscu, Gh</subfield></datafield><datafield ind1="1" ind2="0" tag="245"><subfield code="a">Fizica atomica si nucleara</subfield><subfield code="b">Pentru reciclare postliceala</subfield><subfield code="c">Gh. semenescu, s. rapeanu, t. magda</subfield></datafield><datafield ind1=" " ind2=" " tag="260"><subfield code="a">Bucuresti</subfield><subfield code="b">Editura Tehnica</subfield><subfield code="c">1976</subfield></datafield><datafield ind1=" " ind2=" " tag="300"><subfield code="a">405 P</subfield></datafield><datafield ind1="1" ind2=" " tag="700"><subfield code="a">Magda, T</subfield></datafield><datafield ind1=" " ind2=" " tag="852"><subfield code="a">43714</subfield><subfield code="c">539</subfield></datafield><datafield ind1=" " ind2=" " tag="CAT"><subfield code="a">Sys</subfield><subfield code="c">20111011</subfield><subfield code="h">113545</subfield></datafield></record></collection>